<record xmlns="http://www.loc.gov/MARC21/slim" xmlns:xsi="http://www.w3.org/2001/XMLSchema-instance" xsi:schemaLocation="http://www.loc.gov/MARC21/slim http://www.loc.gov/standards/marcxml/schema/MARC21slim.xsd">

  <leader>00750nam a2200181Ia 4500</leader>
  <datafield ind2=" " tag="090" ind1=" ">
    <subfield code="a">CD #184</subfield>
  </datafield>
  <datafield ind1=" " ind2=" " tag="100">
    <subfield code="a"/>
  </datafield>
  <datafield ind2=" " tag="245" ind1=" ">
    <subfield code="a">Foro  sobre carreras interdisciplinarias: desafíos y posibilidades</subfield>
  </datafield>
  <datafield ind1=" " ind2=" " tag="260">
    <subfield code="a">San José, Costa Rica : </subfield>
    <subfield code="b">INIE, </subfield>
    <subfield code="c">2012</subfield>
  </datafield>
  <datafield tag="300" ind2=" " ind1=" ">
    <subfield code="a">2 discos compactos</subfield>
  </datafield>
  <datafield ind1=" " ind2=" " tag="500">
    <subfield code="a">Contiene\Sujeto e interdisciplinariedad / Alicia Gurdián Fernández\La generación de conocimiento inter, trans y multidisciplinario / Flora Salas Madriz\La formación de docentes de carreras interdisciplinarias / Kattya Arroyo Guerra\ Foro realizado el 2</subfield>
  </datafield>
  <datafield ind1=" " ind2=" " tag="650">
    <subfield code="a">CARRERAS MULTIDISCIPLINARIAS</subfield>
  </datafield>
  <datafield ind1=" " tag="700" ind2=" ">
    <subfield code="a">Gurdián Fernández, Alicia</subfield>
  </datafield>
  <datafield ind2=" " tag="700" ind1=" ">
    <subfield code="a">Salas Madriz, Flora</subfield>
  </datafield>
  <datafield ind1=" " ind2=" " tag="700">
    <subfield code="a">Arroyo Guerra, Kattya</subfield>
  </datafield>
  <datafield ind1=" " tag="942" ind2=" ">
    <subfield code="p">00166 </subfield>
  </datafield>
  <datafield ind2=" " tag="942" ind1=" ">
    <subfield code="p">00170 </subfield>
  </datafield>
  <datafield tag="999" ind2=" " ind1=" ">
    <subfield code="c">2461</subfield>
    <subfield code="d">2461</subfield>
  </datafield>
</record>